<?xml version="1.0" encoding="UTF-8"?><collection xmlns="http://www.loc.gov/MARC21/slim"><record><leader>00354nam--2200109-i-4500</leader><controlfield tag="001">000028905</controlfield><controlfield tag="002">20161230</controlfield><controlfield tag="005">20161230201037</controlfield><controlfield tag="008">060222s1000------------r-----000-0-eng-d</controlfield><datafield ind1=" " ind2=" " tag="245"><subfield code="a">Etude dilatometrique d`un alliage d`aluminium.(extrait du 12-eme congres de chimie industrielle, 25 sept.-3 oct.1932)</subfield></datafield><datafield ind1=" " ind2=" " tag="260"><subfield code="a">Paris, Imp.De Vaugirard, 1933. 3p</subfield></datafield><datafield ind1=" " ind2=" " tag="852"><subfield code="a">1031</subfield></datafield></record></collection>